





@Article{Frondel2024,
  author       = {Frondel, Manuel and Thiel, Patrick and Vance, Colin},
  date         = {2024},
  journaltitle = {SSRN Electronic Journal},
  title        = {Heterogeneous Pass-through over Space and Time: The Case of Germanyâ€™s Fuel Tax Discount},
  doi          = {10.2139/ssrn.4785571},
  issn         = {1556-5068},
  publisher    = {Elsevier BV},
}









@book{Huntington2022,
  author    = {Huntington-Klein, Nick},
  title     = {The Effect: An Introduction to Research Design and Causality},
  year      = {2022},
  publisher = {CRC Press},
  address   = {Boca Raton, FL},
  edition   = {1},
  url       = {https://theeffectbook.net},
  note      = {Accessed: 2024-11-25}
}





@Article{Autor2001,
  author    = {Autor, David H.},
  journal   = {SSRN Electronic Journal},
  title     = {Outsourcing at Will: The Contribution of Unjust Dismissal Doctrine to the Growth of Employment Outsourcing},
  year      = {2001},
  issn      = {1556-5068},
  doi       = {10.2139/ssrn.281431},
  publisher = {Elsevier BV},
}




